<?xml version="1.0" encoding="UTF-8"?>
  <record xmlns="http://www.loc.gov/MARC21/slim" type="Authority">
    <leader>00000nz  a2200000oc 4500</leader>
    <controlfield tag="001">1216957789</controlfield>
    <controlfield tag="003">DE-101</controlfield>
    <controlfield tag="005">20200902113903.0</controlfield>
    <controlfield tag="008">200902n||aznnnaabn           | aaa    |c</controlfield>
    <datafield tag="024" ind1="7" ind2=" ">
      <subfield code="a">1216957789</subfield>
      <subfield code="0">http://d-nb.info/gnd/1216957789</subfield>
      <subfield code="2">gnd</subfield>
    </datafield>
    <datafield tag="035" ind1=" " ind2=" ">
      <subfield code="a">(DE-101)1216957789</subfield>
    </datafield>
    <datafield tag="035" ind1=" " ind2=" ">
      <subfield code="a">(DE-588)1216957789</subfield>
    </datafield>
    <datafield tag="040" ind1=" " ind2=" ">
      <subfield code="a">DE-17</subfield>
      <subfield code="c">DE-17</subfield>
      <subfield code="9">r:DE-17</subfield>
      <subfield code="b">ger</subfield>
      <subfield code="d">0017</subfield>
      <subfield code="e">rda</subfield>
    </datafield>
    <datafield tag="042" ind1=" " ind2=" ">
      <subfield code="a">gnd3</subfield>
    </datafield>
    <datafield tag="043" ind1=" " ind2=" ">
      <subfield code="c">XA-DE</subfield>
    </datafield>
    <datafield tag="075" ind1=" " ind2=" ">
      <subfield code="b">p</subfield>
      <subfield code="2">gndgen</subfield>
    </datafield>
    <datafield tag="075" ind1=" " ind2=" ">
      <subfield code="b">piz</subfield>
      <subfield code="2">gndspec</subfield>
    </datafield>
    <datafield tag="079" ind1=" " ind2=" ">
      <subfield code="a">g</subfield>
      <subfield code="q">f</subfield>
    </datafield>
    <datafield tag="100" ind1="1" ind2=" ">
      <subfield code="a">Zur Lippe, Bernardhine</subfield>
      <subfield code="d">1563-1628</subfield>
      <subfield code="9">v:Geburtsnamen</subfield>
    </datafield>
    <datafield tag="375" ind1=" " ind2=" ">
      <subfield code="a">2</subfield>
      <subfield code="2">iso5218</subfield>
    </datafield>
    <datafield tag="400" ind1="1" ind2=" ">
      <subfield code="a">Lippe, Bernardhine</subfield>
      <subfield code="d">1563-1628</subfield>
      <subfield code="9">v:zu</subfield>
    </datafield>
    <datafield tag="400" ind1="1" ind2=" ">
      <subfield code="a">Leiningen-Westerburg, Bernardhine &#152;von&#156;</subfield>
      <subfield code="d">1563-1628</subfield>
    </datafield>
    <datafield tag="400" ind1="1" ind2=" ">
      <subfield code="a">Leiningen-Leiningen, Bernardhine &#152;von&#156;</subfield>
      <subfield code="d">1563-1628</subfield>
      <subfield code="9">v:Ehename</subfield>
    </datafield>
    <datafield tag="400" ind1="1" ind2=" ">
      <subfield code="a">Leiningen und Rixingen, Bernhardina &#152;zu&#156;</subfield>
      <subfield code="d">1563-1628</subfield>
      <subfield code="9">v:Ehename</subfield>
    </datafield>
    <datafield tag="500" ind1="0" ind2=" ">
      <subfield code="0">(DE-101)136692095</subfield>
      <subfield code="0">(DE-588)136692095</subfield>
      <subfield code="0">https://d-nb.info/gnd/136692095</subfield>
      <subfield code="a">Bernhard</subfield>
      <subfield code="b">VIII.</subfield>
      <subfield code="c">Lippe, Graf</subfield>
      <subfield code="d">1527-1563</subfield>
      <subfield code="4">bezf</subfield>
      <subfield code="4">https://d-nb.info/standards/elementset/gnd#familialRelationship</subfield>
      <subfield code="w">r</subfield>
      <subfield code="i">Beziehung familiaer</subfield>
      <subfield code="e">Beziehung familiaer</subfield>
      <subfield code="9">v:Vater</subfield>
    </datafield>
    <datafield tag="500" ind1="0" ind2=" ">
      <subfield code="0">(DE-101)1042166781</subfield>
      <subfield code="0">(DE-588)1042166781</subfield>
      <subfield code="0">https://d-nb.info/gnd/1042166781</subfield>
      <subfield code="a">Ludwig</subfield>
      <subfield code="c">Leiningen-Westerburg, Graf</subfield>
      <subfield code="d">1557-1622</subfield>
      <subfield code="4">bezf</subfield>
      <subfield code="4">https://d-nb.info/standards/elementset/gnd#familialRelationship</subfield>
      <subfield code="w">r</subfield>
      <subfield code="i">Beziehung familiaer</subfield>
      <subfield code="e">Beziehung familiaer</subfield>
      <subfield code="9">v:Ehemann</subfield>
    </datafield>
    <datafield tag="500" ind1="1" ind2=" ">
      <subfield code="0">(DE-101)1073834166</subfield>
      <subfield code="0">(DE-588)1073834166</subfield>
      <subfield code="0">https://d-nb.info/gnd/1073834166</subfield>
      <subfield code="a">Leiningen-Westerburg, Johann Kasimir von</subfield>
      <subfield code="d">1587-1635</subfield>
      <subfield code="4">bezf</subfield>
      <subfield code="4">https://d-nb.info/standards/elementset/gnd#familialRelationship</subfield>
      <subfield code="w">r</subfield>
      <subfield code="i">Beziehung familiaer</subfield>
      <subfield code="e">Beziehung familiaer</subfield>
      <subfield code="9">v:Sohn</subfield>
    </datafield>
    <datafield tag="500" ind1="0" ind2=" ">
      <subfield code="0">(DE-101)1216963746</subfield>
      <subfield code="0">(DE-588)1216963746</subfield>
      <subfield code="0">https://d-nb.info/gnd/1216963746</subfield>
      <subfield code="a">Philipp</subfield>
      <subfield code="b">II.</subfield>
      <subfield code="c">Leiningen-Westerburg-Rixingen, Graf</subfield>
      <subfield code="d">1591-1668</subfield>
      <subfield code="4">bezf</subfield>
      <subfield code="4">https://d-nb.info/standards/elementset/gnd#familialRelationship</subfield>
      <subfield code="w">r</subfield>
      <subfield code="i">Beziehung familiaer</subfield>
      <subfield code="e">Beziehung familiaer</subfield>
      <subfield code="9">v:Sohn</subfield>
    </datafield>
    <datafield tag="500" ind1="1" ind2=" ">
      <subfield code="0">(DE-101)143934759</subfield>
      <subfield code="0">(DE-588)143934759</subfield>
      <subfield code="0">https://d-nb.info/gnd/143934759</subfield>
      <subfield code="a">Leiningen-Westerburg, Ludwig Emich &#152;zu&#156;</subfield>
      <subfield code="d">1595-1635</subfield>
      <subfield code="4">bezf</subfield>
      <subfield code="4">https://d-nb.info/standards/elementset/gnd#familialRelationship</subfield>
      <subfield code="w">r</subfield>
      <subfield code="i">Beziehung familiaer</subfield>
      <subfield code="e">Beziehung familiaer</subfield>
      <subfield code="9">v:Sohn</subfield>
    </datafield>
    <datafield tag="500" ind1="1" ind2=" ">
      <subfield code="0">(DE-101)1216964432</subfield>
      <subfield code="0">(DE-588)1216964432</subfield>
      <subfield code="0">https://d-nb.info/gnd/1216964432</subfield>
      <subfield code="a">Leiningen-Westerburg-Rixingen, Ursula Maria &#152;von&#156;</subfield>
      <subfield code="d">1583-1638</subfield>
      <subfield code="4">bezf</subfield>
      <subfield code="4">https://d-nb.info/standards/elementset/gnd#familialRelationship</subfield>
      <subfield code="w">r</subfield>
      <subfield code="i">Beziehung familiaer</subfield>
      <subfield code="e">Beziehung familiaer</subfield>
      <subfield code="9">v:Tochter</subfield>
    </datafield>
    <datafield tag="500" ind1="1" ind2=" ">
      <subfield code="0">(DE-101)1216965005</subfield>
      <subfield code="0">(DE-588)1216965005</subfield>
      <subfield code="0">https://d-nb.info/gnd/1216965005</subfield>
      <subfield code="a">Leiningen-Westerburg-Rixingen, Anastasia &#152;von&#156;</subfield>
      <subfield code="d">1588-1656</subfield>
      <subfield code="4">bezf</subfield>
      <subfield code="4">https://d-nb.info/standards/elementset/gnd#familialRelationship</subfield>
      <subfield code="w">r</subfield>
      <subfield code="i">Beziehung familiaer</subfield>
      <subfield code="e">Beziehung familiaer</subfield>
      <subfield code="9">v:Tochter</subfield>
    </datafield>
    <datafield tag="548" ind1=" " ind2=" ">
      <subfield code="a">14.10.1563-25.08.1628</subfield>
      <subfield code="4">datx</subfield>
      <subfield code="4">https://d-nb.info/standards/elementset/gnd#dateOfBirthAndDeath</subfield>
      <subfield code="w">r</subfield>
      <subfield code="i">Exakte Lebensdaten</subfield>
    </datafield>
    <datafield tag="548" ind1=" " ind2=" ">
      <subfield code="a">1563-1628</subfield>
      <subfield code="4">datl</subfield>
      <subfield code="4">https://d-nb.info/standards/elementset/gnd#dateOfBirthAndDeath</subfield>
      <subfield code="w">r</subfield>
      <subfield code="i">Lebensdaten</subfield>
    </datafield>
    <datafield tag="550" ind1=" " ind2=" ">
      <subfield code="0">(DE-101)970412827</subfield>
      <subfield code="0">(DE-588)4770088-9</subfield>
      <subfield code="0">https://d-nb.info/gnd/4770088-9</subfield>
      <subfield code="a">Gräfin</subfield>
      <subfield code="4">beru</subfield>
      <subfield code="4">https://d-nb.info/standards/elementset/gnd#professionOrOccupation</subfield>
      <subfield code="w">r</subfield>
      <subfield code="i">Beruf</subfield>
    </datafield>
    <datafield tag="551" ind1=" " ind2=" ">
      <subfield code="0">(DE-101)976049538</subfield>
      <subfield code="0">(DE-588)4838462-8</subfield>
      <subfield code="0">https://d-nb.info/gnd/4838462-8</subfield>
      <subfield code="a">Oberbronn</subfield>
      <subfield code="4">orts</subfield>
      <subfield code="4">https://d-nb.info/standards/elementset/gnd#placeOfDeath</subfield>
      <subfield code="w">r</subfield>
      <subfield code="i">Sterbeort</subfield>
    </datafield>
    <datafield tag="670" ind1=" " ind2=" ">
      <subfield code="a">Wikipedia</subfield>
    </datafield>
    <datafield tag="672" ind1=" " ind2="0">
      <subfield code="a">Trostschrifft, Zu underthänigen Ehren und Hertzlabung/ Der Hoch- und Wolgebornen Gräffin und Fraw/ Frawen Bernhardinae/ Gräffin zu Leiningen und Rixingen ... gebornen Gräffin zur Lippe [et]c. In ihro Gnaden hochbetrübtem Witwenstandt.Wessen sich ein Ehegemahl in deß anderen Absterbem/ auß H. Schrifft erinneren und trösten solle/ gestellet von M. Burckhardt Kellern Pfarrern zu Oberbron</subfield>
      <subfield code="f">1622</subfield>
    </datafield>
  </record>
